@article{greenwade93,
    author  = "sample https://github.com/joobaloo/CMEEcoursework/blob/master/week3/code/florida_writeup.tex",
    title   = "The {C}omprehensive {T}ex {A}rchive {N}etwork ({CTAN})",
    year    = "1993",
    journal = "TUGBoat",
    volume  = "14",
    number  = "3",
    pages   = "342--351"
}

#   how? Harvard
https://github.com/joobaloo/CMEEcoursework/blob/master/week3/code/florida_writeup.tex

